@article{Bostock2011,
  author = {M Bostock and V Ogievetsky and J Heer},
  title = {{D$^3$}: data-driven documents},
  date = {2011},
  journal = {IEEE Transactions on Visualization and Computer Graphics},
  volume = {17},
  number = {12},
  pages = {2301-2309},
  doi = {10.1109/TVCG.2011.185}
}

@online{D3js,
  title = {{D3.js -- Data-Driven Documents}},
  url = {https://d3js.org/},
  urldate = {2020-07-13}
}

@book{Laemmel2012,
  author = {Uwe Lämmel and Jürgen Cleve},
  title = {Künstliche Intelligenz},
  edition = {3},
  date = {2012},
  publisher = {Hanser},
  address = {München}
}

@inproceedings{Zimmer2011,
  author = {Björn Zimmer and Dennie Ackermann and Manfred Schröder and Andreas Kerren and Volker Ahlers},
  title = {Comparative visualization of user flows in voice portals},
  date = {2011},
  editor = {Ulrik Brandes and Sabine Cornelsen},
  booktitle = {Graph Drawing: 18th~International Symposium (GD~2010), LNCS~6502},
  pages = {404-405},
  publisher = {Springer},
  address = {Berlin},
  doi = {10.1007/978-3-642-18469-7_43}
}

