@inproceedings{Duh2001,
    author = {H. B. L. {Duh} and J. J. W. {Lin} and R. V. {Kenyon} and D. E. {Parker} and T. A. {Furness}},
    title = {Effects of Field of View on Balance in an Immersive Environment},
    date = {2001},
    booktitle={Proceedings IEEE Virtual Reality 2001},
    pages = {235-240},
    doi={10.1109/VR.2001.913791}
}

@inproceedings{Lin2002,
    author = {J. J. W. {Lin} and H. B. L. {Duh} and D. E. {Parker} and H. {Abi-Rached} and T. A. {Furness}},
    title = {Effects of field of view on presence, enjoyment, memory, and simulator sickness in a virtual environment},
    date = {2002},
    booktitle = {Proceedings IEEE Virtual Reality 2002},
    pages={164-171},
    doi={10.1109/VR.2002.996519}
}









@inproceedings{Limberger2012,
    author = {Limberger, Daniel and Engel, Juri and Döllner, Jürgen},
    year = {2012},
    month = {11},
    pages = {55-62},
    title = {Single-pass Rendering of Day and Night Sky Phenomena},
    journal = {VMV 2012 - Vision, Modeling and Visualization},
    url = {https://pdfs.semanticscholar.org/fce4/4229921fcb850540a636bd28b33e30b18c3f.pdf},
    doi = {10.2312/PE/VMV/VMV12/055-062},
    language = {english},
}

@inproceedings{Yapo2009,
    author = {Yapo, Theodore C. and Cutler, Barbara},
    title = {Rendering Lunar Eclipses},
    booktitle = {Proceedings of Graphics Interface 2009},
    series = {GI '09},
    year = {2009},
    isbn = {978-1-56881-470-4},
    location = {Kelowna, British Columbia, Canada},
    pages = {63--69},
    numpages = {7},
    url = {https://www.cs.rpi.edu/~cutler/publications/yapo_gi09.pdf},
    acmid = {1555901},
    publisher = {Canadian Information Processing Society},
    address = {Toronto, Ont., Canada, Canada},
    language = {english},
}

@article{williams1978,
    author = {Williams, Lance},
    title = {Casting Curved Shadows on Curved Surfaces},
    journal = {SIGGRAPH Comput. Graph.},
    issue_date = {August 1978},
    volume = {12},
    number = {3},
    month = aug,
    year = {1978},
    issn = {0097-8930},
    pages = {270--274},
    numpages = {5},
    url = {http://doi.acm.org/10.1145/965139.807402},
    doi = {10.1145/965139.807402},
    acmid = {807402},
    publisher = {ACM},
    address = {New York, NY, USA},
    keywords = {Computer animation, Computer graphics, Hidden surface algorithms, Shadows},
    language = {english},
}

@misc{celestiaWebsite,
    title = {Celestia - real-time 3D visualization of space},
    url = { https://celestia.space/ },
    note = {Accessed: 2019-08-20},
    author = "{Celestia Development Team}",
    language = {english},
}

@techreport{usStandardAtmosphere,
    title = {U.S. Standard Atmosphere},
    year = {1976},
    month = {October},
    author = {NASA},
    url = {https://ntrs.nasa.gov/archive/nasa/casi.ntrs.nasa.gov/19770009539.pdf},
    institution = {NASA, NOAA, USAF},
    address = {Washington, D.C.},
    language = {english},
}

@masterthesis{fischer2018,
    author = {Thomas Fischer},
    title = {Comparison of GPGPU frameworks related to game development},
    school = {University of Applied Sciences Technikum Wien},
    year = {2018},
    month = {September},
    url = {https://drive.google.com/file/d/1zX-Etv1JVO_i-J84vgr-hjXYKyGIQQgM/view},
    language = {english},
}

@book{bohren1998,
    author = {Craig F. Bohren and Donald R. Huffman},
    title = {Absorption and Scattering of Light by Small Particles},
    publisher = {Wiley‐VCH},
    year = {1998},
    doi = {10.1002/9783527618156},
    isbn = {9780471293408},
    language = {english},
}
