@article{Bostock2011,
  author = {M Bostock and V Ogievetsky and J Heer},
  title = {{D$^3$}: data-driven documents},
  date = {2011},
  journal = {IEEE Transactions on Visualization and Computer Graphics},
  volume = {17},
  number = {12},
  pages = {2301-2309},
  doi = {10.1109/TVCG.2011.185}
}

@online{D3js,
  title = {{D3.js -- Data-Driven Documents}},
  url = {https://d3js.org/},
  urldate = {2020-07-13}
}

@book{Laemmel2012,
  author = {Uwe Lämmel and Jürgen Cleve},
  title = {Künstliche Intelligenz},
  edition = {3},
  date = {2012},
  publisher = {Hanser},
  address = {München}
}

@inproceedings{Zimmer2011,
  author = {Björn Zimmer and Dennie Ackermann and Manfred Schröder and Andreas Kerren and Volker Ahlers},
  title = {Comparative visualization of user flows in voice portals},
  date = {2011},
  editor = {Ulrik Brandes and Sabine Cornelsen},
  booktitle = {Graph Drawing: 18th~International Symposium (GD~2010), LNCS~6502},
  pages = {404-405},
  publisher = {Springer},
  address = {Berlin},
  doi = {10.1007/978-3-642-18469-7_43}
}




@inproceedings{Duh2001,
    author = {H. B. L. {Duh} and J. J. W. {Lin} and R. V. {Kenyon} and D. E. {Parker} and T. A. {Furness}},
    title = {Effects of Field of View on Balance in an Immersive Environment},
    date = {2001},
    booktitle={Proceedings IEEE Virtual Reality 2001},
    pages = {235-240},
    doi={10.1109/VR.2001.913791}
}

@inproceedings{Lin2002,
    author = {J. J. W. {Lin} and H. B. L. {Duh} and D. E. {Parker} and H. {Abi-Rached} and T. A. {Furness}},
    title = {Effects of field of view on presence, enjoyment, memory, and simulator sickness in a virtual environment},
    date = {2002},
    booktitle = {Proceedings IEEE Virtual Reality 2002},
    pages={164-171},
    doi={10.1109/VR.2002.996519}
}
